@inproceedings{wong2013manipulation,
  title={Manipulation-based Active Search for Occluded Objects},
  author={Wong, Lawson LS and Kaelbling, Leslie Pack and Lozano-P{\'e}rez, Tom{\'a}s},
  booktitle={IEEE Conference on Robotics and Automation},
  year={2013}
}

@inproceedings{kollar2009utilizing,
  title={Utilizing object-object and object-scene context when planning to find things},
  author={Kollar, Thomas and Roy, Nicholas},
  booktitle={Robotics and Automation, 2009. ICRA'09. IEEE International Conference on},
  pages={2168--2173},
  year={2009},
  organization={IEEE}
}

@inproceedings{hanheide2011exploiting,
  title={Exploiting probabilistic knowledge under uncertain sensing for efficient robot behaviour},
  author={Hanheide, Marc and Gretton, Charles and Dearden, Richard and Hawes, Nick and Wyatt, Jeremy and Pronobis, Andrzej and Aydemir, Alper and G{\"o}belbecker, Moritz and Zender, Hendrik},
  booktitle={Proceedings of the Twenty-Second international joint conference on Artificial Intelligence-Volume Volume Three},
  pages={2442--2449},
  year={2011},
  organization={AAAI Press}
}

@article{ye1999sensor,
  title={Sensor planning for 3D object search},
  author={Ye, Yiming and Tsotsos, John K},
  journal={Computer Vision and Image Understanding},
  volume={73},
  number={2},
  pages={145--168},
  year={1999},
  publisher={Elsevier}
}